<?xml version="1.0" encoding="utf-8"?>
<record xmlns="http://www.loc.gov/MARC21/slim" xmlns:xsi="http://www.w3.org/2001/XMLSchema-instance" xsi:schemaLocation="http://www.loc.gov/MARC21/slim http://www.loc.gov/standards/marcxml/schema/MARC21slim.xsd">
	<leader>     nam a22        4500</leader>
	<controlfield tag="001">b12383843</controlfield>
	<controlfield tag="003">LeBAU</controlfield>
	<controlfield tag="006">m        d        </controlfield>
	<controlfield tag="007">cr cn |||m|||a</controlfield>
	<controlfield tag="008">170830s1905    ua      o     000 0 ara d</controlfield>
	<datafield ind1=" " ind2=" " tag="040">
		<subfield code="a">NNU</subfield>
		<subfield code="b">ara</subfield>
		<subfield code="e">rda</subfield>
		<subfield code="c">NNU</subfield>
	</datafield>
	<datafield ind1=" " ind2="4" tag="050">
		<subfield code="a">BP166.5</subfield>
		<subfield code="b">.S24 1905</subfield>
	</datafield>
	<datafield ind1="0" ind2="4" tag="082">
		<subfield code="a">297.63</subfield>
		<subfield code="2">22</subfield>
	</datafield>
	<datafield ind1="0" ind2=" " tag="100">
		<subfield code="6">880-01</subfield>
		<subfield code="a">Suyūṭī,</subfield>
		<subfield code="d">1445-1505,</subfield>
		<subfield code="e">author.</subfield>
	</datafield>
	<datafield ind1="1" ind2="0" tag="245">
		<subfield code="6">880-02</subfield>
		<subfield code="a">Kitāb al-ḥirz al-manīʻ min al-qawl al-badīʻ fī al-ṣalāh ʻalá al-ḥabīb al-shafīʻ /</subfield>
		<subfield code="c">al-aṣl lil-shaykh al-Imām Shams al-dīn Abī al-Khayr Muḥammad ibn ʻAbd al-Raḥmān al-Sakhāwī al-Shāfiʻī al-mutawaffá sanat 902 wa-al-mukhtaṣar lil-Shaykh Jalāl al-Dīn ʻAbd al-Raḥmān ibn Abī Bakr al-Suyūṭī al-mutawaffá sanat 911 ; ʻuniya bi-taṣḥīḥihi al-Sayyid Muḥammad Badr al-Dīn Abū Firās al-Naʻsānī al-Ḥalabī.</subfield>
	</datafield>
	<datafield ind1="3" ind2="0" tag="246">
		<subfield code="6">880-03</subfield>
		<subfield code="a">Ḥirz al-manīʻ min al-qawl al-badīʻ fī al-ṣalāh ʻalá al-ḥabīb al-shafīʻ</subfield>
	</datafield>
	<datafield ind1=" " ind2=" " tag="250">
		<subfield code="6">880-04</subfield>
		<subfield code="a">al-Ṭab‘ah al-ūlá.</subfield>
	</datafield>
	<datafield ind1=" " ind2="1" tag="264">
		<subfield code="6">880-05</subfield>
		<subfield code="a">Miṣr :</subfield>
		<subfield code="b">al-Maṭba‘ah al-‘Āmirah al-Sharafīyah,</subfield>
		<subfield code="c">1323 H., [1905? M.]</subfield>
	</datafield>
	<datafield ind1=" " ind2=" " tag="300">
		<subfield code="6">880-06</subfield>
		<subfield code="a">online resource (132 pages)</subfield>
	</datafield>
	<datafield ind1=" " ind2=" " tag="336">
		<subfield code="a">text</subfield>
		<subfield code="2">rdacontent</subfield>
	</datafield>
	<datafield ind1=" " ind2=" " tag="337">
		<subfield code="a">computer</subfield>
		<subfield code="2">rdamedia</subfield>
	</datafield>
	<datafield ind1=" " ind2=" " tag="338">
		<subfield code="a">online resource</subfield>
		<subfield code="2">rdacarrier</subfield>
	</datafield>
	<datafield ind1=" " ind2=" " tag="500">
		<subfield code="a">Part of the Arabic Collections Online (ACO) project, contributed by American University of Beirut's Jafet Memorial Library.</subfield>
	</datafield>
	<datafield ind1=" " ind2=" " tag="533">
		<subfield code="a">Electronic reproduction.</subfield>
		<subfield code="b">New York, N.Y. :</subfield>
		<subfield code="c">New York University,</subfield>
		<subfield code="d">2017.</subfield>
		<subfield code="5">NNU</subfield>
	</datafield>
	<datafield ind1="0" ind2="0" tag="600">
		<subfield code="6">880-07</subfield>
		<subfield code="a">Muḥammad,</subfield>
		<subfield code="c">Prophet,</subfield>
		<subfield code="d">-632</subfield>
		<subfield code="x">Prayers and devotions</subfield>
		<subfield code="v">Early works to 1800.</subfield>
	</datafield>
	<datafield ind1=" " ind2="0" tag="650">
		<subfield code="6">880-08</subfield>
		<subfield code="a">Islam</subfield>
		<subfield code="x">Prayers and devotions</subfield>
		<subfield code="v">Early works to 1800.</subfield>
	</datafield>
	<datafield ind1="1" ind2="2" tag="700">
		<subfield code="6">880-09</subfield>
		<subfield code="a">Sakhāwī, Muḥammad ibn ʻAbd al-Raḥmān,</subfield>
		<subfield code="d">1427 or 1428-1497.</subfield>
		<subfield code="t">al-Qawl al-badīʻ fī al-ṣalāt ʻalá al-ḥabīb al-shafīʻ. </subfield>
	</datafield>
	<datafield ind1="1" ind2=" " tag="700">
		<subfield code="6">880-10</subfield>
		<subfield code="a">Ḥalabī, Muḥammad Badr al-Dīn al-Naʻsānī,</subfield>
		<subfield code="e">corrector.</subfield>
	</datafield>
	<datafield ind1="2" ind2=" " tag="710">
		<subfield code="a">Jafet Memorial Library.</subfield>
	</datafield>
	<datafield ind1="0" ind2=" " tag="730">
		<subfield code="a">Arabic Collections Online.</subfield>
	</datafield>
	<datafield ind1="0" ind2="8" tag="776">
		<subfield code="i">Print version:</subfield>
		<subfield code="a">Suyūṭī, 1445-1505, author.</subfield>
		<subfield code="t">Kitāb al-ḥirz al-manīʻ min al-qawl al-badīʻ fī al-ṣalāh ʻalá al-ḥabīb al-shafīʻ</subfield>
		<subfield code="w">(LeBAU)b12383843</subfield>
	</datafield>
	<datafield ind1="4" ind2="0" tag="856">
		<subfield code="u">http://hdl.handle.net/2333.1/vmcvdt7d</subfield>
	</datafield>
	<datafield ind1="1" ind2=" " tag="880">
		<subfield code="6">100-01</subfield>
		<subfield code="a">السيوطي،‪‪‪‪‪‪‪</subfield>
		<subfield code="d">1445-1505،</subfield>
		<subfield code="e">مؤلف.‪‪‪‪‪‪‪</subfield>
		<subfield code="4">aut.</subfield>
	</datafield>
	<datafield ind1="1" ind2="0" tag="880">
		<subfield code="6">245-02</subfield>
		<subfield code="a">كتاب الحرز المنيع من القول البديع في الصلاة على الحبيب الشفيع /‪‪‪‪‪‪‪</subfield>
		<subfield code="c">الأصل للشيخ الإمام شمس الدين أبي الخير محمد إبن عبد الرحمن السخاوي الشافعي المتوفي سنة 902  والمختصر للشيخ جلال الدين عبد الرحمن بن أبي بكر السيوطي المتوفي سنة 911 ؛ عني بتصحيحه السيد محمد بدر الدين أبو فراس النعساني الحلبي.‪‪‪‪‪‪‪</subfield>
	</datafield>
	<datafield ind1="3" ind2="0" tag="880">
		<subfield code="6">246-03</subfield>
		<subfield code="a">حرز المنيع من القول البديع في الصلاة على الحبيب الشفيع‪‪‪‪‪‪‪</subfield>
	</datafield>
	<datafield ind1=" " ind2=" " tag="880">
		<subfield code="6">250-04</subfield>
		<subfield code="a">الطبعة الأولى.‪‪‪‪‪‪‪</subfield>
	</datafield>
	<datafield ind1=" " ind2="1" tag="880">
		<subfield code="6">264-05</subfield>
		<subfield code="a">مصر :‪‪‪‪‪‪‪</subfield>
		<subfield code="b">المطبعة العامرة الشرفية،‪‪‪‪‪‪‪</subfield>
		<subfield code="c">1323هـ.، [1905؟ م.]‪‪‪‪‪‪‪</subfield>
	</datafield>
	<datafield ind1=" " ind2=" " tag="880">
		<subfield code="6">300-06</subfield>
		<subfield code="a">132 صفحة ؛‪‪‪‪‪‪‪</subfield>
		<subfield code="c">20 سم‪‪‪‪‪‪‪</subfield>
	</datafield>
	<datafield ind1=" " ind2=" " tag="880">
		<subfield code="6">500-00</subfield>
		<subfield code="a">تلخيص لكتاب السخاوي.‪‪‪‪‪‪‪</subfield>
	</datafield>
	<datafield ind1="0" ind2="4" tag="880">
		<subfield code="6">600-07</subfield>
		<subfield code="a">محمد،‪‪‪‪‪‪‪</subfield>
		<subfield code="c">النبي،‪‪‪‪‪‪‪</subfield>
		<subfield code="d">-632</subfield>
		<subfield code="x">الصلوات والعبادات‪‪‪‪‪‪‪</subfield>
		<subfield code="v">اعمال قديمة حتى 1800.‪‪‪‪‪‪‪</subfield>
	</datafield>
	<datafield ind1=" " ind2="4" tag="880">
		<subfield code="6">650-08</subfield>
		<subfield code="a">الاسلام‪‪‪‪‪‪‪</subfield>
		<subfield code="x">الصلوات والعبادات‪‪‪‪‪‪‪</subfield>
		<subfield code="v">اعمال قديمة حتى 1800.‪‪‪‪‪‪‪</subfield>
	</datafield>
	<datafield ind1="1" ind2="2" tag="880">
		<subfield code="6">700-09</subfield>
		<subfield code="a">السخاوي، محمد بن عبد الرحمن،‪‪‪‪‪‪‪</subfield>
		<subfield code="d">1427  او 1428-1497.‪‪‪‪‪‪‪</subfield>
		<subfield code="t">القول البديع في الصلاة على الحبيب الشفيع.‪‪‪‪‪‪‪</subfield>
	</datafield>
	<datafield ind1="1" ind2=" " tag="880">
		<subfield code="6">700-10</subfield>
		<subfield code="a">الحلبي، محمد بدر الدين النعساني،‪‪‪‪‪‪‪</subfield>
		<subfield code="e">مصحح.‪‪‪‪‪‪‪</subfield>
		<subfield code="4">crr.</subfield>
	</datafield>
	<datafield ind1=" " ind2=" " tag="959">
		<subfield code="a">NNU</subfield>
		<subfield code="b">WEB</subfield>
		<subfield code="c">GENI</subfield>
		<subfield code="t">0</subfield>
		<subfield code="m">Electronic access</subfield>
		<subfield code="s">01</subfield>
	</datafield>
	<datafield ind1=" " ind2=" " tag="999">
		<subfield code="i">LeBAU_b12383843</subfield>
		<subfield code="s">aub_aco001008</subfield>
		<subfield code="e">(ERROR-MISC)</subfield>
		<subfield code="s">aub_aco001008</subfield>
	</datafield>
</record>
